@article{luong2013better,
  title={Better word representations with recursive neural networks for morphology},
  author={Luong, Minh-Thang and Socher, Richard and Manning, C},
  journal={CoNLL-2013},
  year={2013},
}

@inproceedings{huang2012improving,
  title={Improving word representations via global context and multiple word prototypes},
  author={Huang, Eric H and Socher, Richard and Manning, Christopher D and Ng, Andrew Y},
  booktitle={Proceedings of the 50th Annual Meeting of the Association for Computational Linguistics: Long Papers-Volume 1},
  pages={873--882},
  year={2012},
  organization={Association for Computational Linguistics}
}

@article{mikolov2013exploiting,
  title={Exploiting similarities among languages for machine translation},
  author={Mikolov, Tomas and Le, Quoc V and Sutskever, Ilya},
  year={2013}
}

@article{hermann2013multilingual,
  title={Multilingual Distributed Representations without Word Alignment},
  author={Hermann, Karl Moritz and Blunsom, Phil},
  year={2013}
}

@article{klementiev2012inducing,
  title={Inducing crosslingual distributed representations of words},
  author={Klementiev, Alexandre and Titov, Ivan and Bhattarai, Binod},
  year={2012}
}


@article{Le2014,
author = {Le, Quoc V. and Mikolov, Tomas},
title = {{Distributed Representations of Sentences and Documents}},
year = {2014}
}

@phdthesis{Hermann2014,
author = {Hermann, Karl Moritz},
title = {{Distributed Representations for Compositional Semantics}},
year = {2014}
}
